@online{POSIX_documentation,
	title = {The Open Group Base Specifications Issue 7, 2018 edition},
	date = {2021},
	url = {https://pubs.opengroup.org/onlinepubs/9699919799/},
	OPTorganization = {Pubs.opengroup.org},
	OPTdate = {\today},
}

@online{Pthread_documentation,
	title = {<pthread.h>},
	date = {2021},
	url = {https://pubs.opengroup.org/onlinepubs/7908799/xsh/pthread.h.html},
	OPTorganization = {Pubs.opengroup.org},
	OPTdate = {\today},
}


